<?xml version="1.0" encoding="UTF-8"?><collection xmlns="http://www.loc.gov/MARC21/slim"><record><leader>00460nam--2200145-i-4500</leader><controlfield tag="001">000007990</controlfield><controlfield tag="002">20161230</controlfield><controlfield tag="005">20161230201027</controlfield><controlfield tag="008">060222s1000------------r-----000-0-eng-d</controlfield><datafield ind1=" " ind2=" " tag="080"><subfield code="a">546.22. 547.7</subfield></datafield><datafield ind1=" " ind2=" " tag="100"><subfield code="a">Bewslow David S. And Skolnik, Herman</subfield></datafield><datafield ind1=" " ind2=" " tag="245"><subfield code="a">Multi-sulfur and sulfur and oxygen five and six-membered heterocycles</subfield></datafield><datafield ind1=" " ind2=" " tag="260"><subfield code="a">New York, Interscience Publ., 1966 Xxii + 610 P</subfield></datafield><datafield ind1=" " ind2=" " tag="490"><subfield code="a">The Chemistry Of Heterocyclic Compounds</subfield></datafield><datafield ind1=" " ind2=" " tag="852"><subfield code="a">15649</subfield></datafield></record></collection>